@inproceedings{chan2018more,
  title={More logarithmic-factor speedups for 3SUM,(median,+)-convolution, and some geometric 3SUM-hard problems},
  author={Chan, Timothy M},
  booktitle={Proceedings of the Twenty-Ninth Annual ACM-SIAM Symposium on Discrete Algorithms},
  pages={881--897},
  year={2018},
  organization={SIAM}
}

@article{baran2008subquadratic,
  title={Subquadratic algorithms for 3SUM},
  author={Baran, Ilya and Demaine, Erik D and P¨£tra{\c{s}}cu, Mihai},
  journal={Algorithmica},
  volume={50},
  number={4},
  pages={584--596},
  year={2008},
  publisher={Springer}
}




